@book{ArcherJockers:2016,
  title={The Bestseller Code: Anatomy of the Blockbuster Novel},
  author={Archer, Jodie and Jockers, Matthew L.},
  year={2016},
  publisher={St. Martin's Publishing Group},
	note={{Chapter 4}},
}

@misc{BoydCrawford:2011,
author={Danah Boyd and Kate Crawford},
year={2011},
title={Six Provocations for Big Data. A Decade in Internet Time},
howpublished={Symposium on the Dynamics of the Internet and Society.},
url={https://papers.ssrn.com/sol3/papers.cfm?abstract_id=1926431}
}

@article{Lazeretal:2014,
author={David Lazer et al.},
year={2014},
title={The Parable of {Google} Flu: Traps in Big Data Analysis.},,
journal= {Science},
volume={343},
pages={1203--1205}
}

@article {Caliskanetal:2017,
	author = {Caliskan, Aylin and Bryson, Joanna J. and Narayanan, Arvind},
	title = {Semantics derived automatically from language corpora contain human-like biases},
	volume = {356},
	number = {6334},
	pages = {183--186},
	year = {2017},
	URL = {https://science.sciencemag.org/content/356/6334/183},
	journal = {Science}
}

@article{West:2010,
  title={How to improve the use of metrics: Learn from game theory},
  author={Jevin D. West},
  journal={Nature},
  volume={465},
  number={17},
  pages={870--872},
  year={2010}
}

@article{Granovetter:1973,
  title={The Strength of Weak Ties},
  author={Granovetter, Mark S.},
  journal={American Journal of Sociology},
  volume={78},
  number={6},
  pages={l360-1980},
  year={1973}
}

@article{PadgettAnsell:1993,
  title={Robust Action and the Rise of the {Medici}, 1400-1434},
  author={Padgett, John F. and Ansell, Christopher K.},
  journal={American Journal of Sociology},
  volume={98},
  number={6},
  pages={1259--1319},
  year={1993}
}

@article{Becketal:2006,
  title={Space is more than geography: Using spatial econometrics in the study of political economy},
  author={Beck, Nathaniel and Gleditsch, Kristian Skrede and Beardsley, Kyle},
  journal={International Studies Quarterly},
  volume={50},
  number={1},
  pages={27--44},
  year={2006}
}

@article{CampbellRoss:1968,
  title={The {Connecticut} crackdown on speeding: Time-series data in quasi-experimental analysis},
  author={Campbell, Donald T and Ross, H Laurence},
  journal={Law and Society Review},
  pages={33--53},
  year={1968}
}

@incollection{LewisBeck:1986,
  title={Interrupted Time Series.},
	booktitle ={New tools for social scientists: Advances and applications in research methods},
	editor={William D. Berry and Michael S. Lewis-Beck},
  author={Lewis-Beck, Michael S.},
  year={1986},
  publisher={Beverly Hills, CA: Sage},
	note = {{Chapter 9}}
	
}

@article{Wilsonetal:2010,
  title={The art of laboratory experimentation},
  author={Wilson, Timothy D and Aronson, Elliot and Carlsmith, Kevin},
  year={2010},
  publisher={John Wiley \& Sons Inc}
}

@article{Aronsonetal:1999,
  title={When white men can't do math: Necessary and sufficient factors in stereotype threat},
  author={Aronson, Joshua and Lustina, Michael J and Good, Catherine and Keough, Kelli and Steele, Claude M and Brown, Joseph},
  journal={Journal of experimental social psychology},
  volume={35},
  number={1},
  pages={29--46},
  year={1999}
}

@article{ChyzhUrbatsch:2021,
  title={Bean Counters: The Effect of Soy Tariffs on Change in Republican Vote Share Between the 2016 and 2018 Elections},
  author={Chyzh, Olga V and Urbatsch, Robert},
  journal={The Journal of Politics},
  volume={83},
  number={1},
  pages={000--000},
  year={2021}
}

@article{PotoskiUrbatsch:2017,
  title={Entertainment and the opportunity cost of civic participation: Monday night football game quality suppresses turnout in {US} elections},
  author={Potoski, Matthew and Urbatsch, R},
  journal={The Journal of Politics},
  volume={79},
  number={2},
  pages={424--438},
  year={2017}
}

@article{RitterConrad:2016,
  title={Preventing and responding to dissent: The observational challenges of explaining strategic repression},
  author={Ritter, Emily Hencken and Conrad, Courtenay R},
  journal={American Political Science Review},
  volume={110},
  number={1},
  pages={85--99},
  year={2016}
}

@article{Richetal:2010,
author = {Jason T. Rich, and J. Gail Neely, and Randal C. Paniello,and Courtney C. J. Voelker,and D. Phil and Brian Nussenbaum, and Eric W. Wang},
title ={A practical guide to understanding Kaplan-Meier curves},
journal = {Otolaryngologyâ€“Head and Neck Surgery},
volume = {143},
number = {3},
pages = {331-336},
year = {2010}
}
